@book{fraleigh2009,
  title={현대대수학(제7판)},
  author={FRALEIGH, J.B.},
  isbn={9788945045164},
  url={https://books.google.co.kr/books?id=GifkPwAACAAJ},
  year={2009},
  publisher={Pearson}
}
